@inproceedings{greene2008
, author = {Derek Greene AND Kenneth Bryan AND P{\' a}draig Cunningham}
, booktitle = {Proc. 8th International Conference on BioInformatics and BioEngineering (BIBE'08)}
, month = {October}
, year = {2008}
, title = {Parallel Integration of Heterogeneous Genome-Wide Data Sources}
}

@article{kirk2012
, author = {Kirk, Paul AND Griffin, Jim E. AND Savage, Richard S. AND Ghahramani, Zoubin AND Wild, David L.}
, doi = {10.1093/bioinformatics/bts595}
, eprint = {http://bioinformatics.oxfordjournals.org/content/28/24/3290.full.pdf+html}
, journal = {Bioinformatics}
, link = {http://bioinformatics.oxfordjournals.org/content/28/24/3290.abstract}
, number = {24}
, pages = {3290-3297}
, title = {Bayesian correlated clustering to integrate multiple datasets}
, volume = {28}
, year = {2012}
}

@book{kruskal1978
, author = {Joseph B. Kruskal AND Myron Wish}
, isbn = {9780803909403}
, lccn = {77093286}
, number = {no. 11}
, publisher = {SAGE Publications}
, series = {07}
, title = {Multidimensional Scaling}
, year = {1978}
}

@article{luxburg2007
, author = {von Luxburg, Ulrike}
, doi = {10.1007/s11222-007-9033-z}
, issn = {0960-3174}
, journal = {Statistics and Computing}
, keyword = {Spectral clustering; Graph Laplacian}
, language = {English}
, link = {http://dx.doi.org/10.1007/s11222-007-9033-z}
, number = {4}
, pages = {395-416}
, publisher = {Springer US}
, title = {A tutorial on spectral clustering}
, volume = {17}
, year = {2007}
}

@misc{siongng2013
, author = {Kee Siong Ng}
, title = {A Simple Explanation of Partial Least Squares}
, year = {2013}
}

@article{wang2014
, author = {Wang, Bo AND Mezlini, Aziz M. AND Demir, Feyyaz AND Fiume, Marcand Tu, Zhuowen AND Brudno, Michaela AND Haibe-Kains, Benjaminand Goldenberg, Anna}
, issn = {1548-7091}
, journal = {Nat Meth}
, month = {Mar}
, number = {3}
, pages = {333--337}
, publisher = {Nature Publishing Group, a division of Macmillan Publishers Limited}
, title = {Similarity network fusion for aggregating data types on a genomic scale}
, volume = {11}
, year = {2014}
}

